@article{Hyndman2002,
author = {Hyndman, Rob J and Koehler, Anne B and Snyder, Ralph D and Grose, Simone},
journal = {International Journal of Forecasting},
pages = {439--454},
title = {A state space framework for automatic forecasting using exponential smoothing methods},
volume = {18},
number = {3},
year = {2002}
}
@Article{Hyndman2008,
    title = {Automatic time series forecasting: the forecast package
      for {R}},
    author = {Hyndman, Rob J  and Khandakar, Yeasmin },
    journal = {Journal of Statistical Software},
    volume = {26},
    number = {3},
    pages = {1--22},
    year = {2008},
    url = {http://www.jstatsoft.org/article/view/v027i03},
  }
@article{fulcher2014highly,
  title={Highly comparative feature-based time-series classification},
  author={Fulcher, Ben D and Nick S Jones},
  journal={IEEE Transactions on Knowledge and Data Engineering},
  volume={26},
  number={12},
  pages={3026--3037},
  year={2014},
  publisher={IEEE}
}
@incollection{reid1972comparison,
  title={A comparison of forecasting techniques on economic time series},
  author={Reid, D J},
  editors = {Bramson, M J and I. G. Helps and Watson-Gandy, J A C C},
  booktitle={Forecasting in Action},
  publisher = {Operational Research Society},
  address={Birmingham, UK},
  year={1972}
}
@article{makridakis2000m3,
  title={The M3-Competition: results, conclusions and implications},
  author={Makridakis, Spyros and Hibon, Michele},
  journal={International Journal of Forecasting},
  volume={16},
  number={4},
  pages={451--476},
  year={2000}
}
@article{hyndman2001s,
  title={Itâ€™s time to move from what to why},
  author={Hyndman, Rob J},
  journal={International Journal of Forecasting},
  volume={17},
  number={1},
  pages={567--570},
  year={2001}
}
@article{lawrence2001s,
  title={Why another study?},
  author={Lawrence, M},
  journal={International Journal of Forecasting},
  volume={17},
  number={1},
  pages={574--575},
  year={2001}
}
@article{armstrong2001s,
  title={Should we redesign forecasting competitions?},
  author={Armstrong, J S},
  journal={International Journal of Forecasting},
  volume={17},
  number={1},
  pages={542--543},
  year={2001}
}
@article{collopy1992rule,
  title={Rule-based forecasting: development and validation of an expert systems approach to combining time series extrapolations},
  author={Collopy, Fred and Armstrong, J Scott },
  journal={Management Science},
  volume={38},
  number={10},
  pages={1394--1414},
  year={1992},
}
@article{adya2001automatic,
  title={Automatic identification of time series features for rule-based forecasting},
  author={Adya, Monica and Collopy, Fred and Armstrong, J Scott and Kennedy, Miles},
  journal={International Journal of Forecasting},
  volume={17},
  number={2},
  pages={143--157},
  year={2001},
}
@article{wang2009rule,
  title={Rule induction for forecasting method selection: meta-learning the characteristics of univariate time series},
  author={Wang, Xiaozhe and Smith-Miles, Kate and Hyndman, Rob J},
  journal={Neurocomputing},
  volume={72},
  number={10},
  pages={2581--2594},
  year={2009},
}
@article{kang2017visualising,
  title={Visualising forecasting algorithm performance using time series instance spaces},
  author={Kang, Yanfei and Hyndman, Rob J and Smith-Miles, Kate},
  journal={International Journal of Forecasting},
  volume={33},
  number={2},
  pages={345--358},
  year={2017},
}

@article{wang2009rule,
  title={Rule induction for forecasting method selection: meta-learning the characteristics of univariate time series},
  author={Wang, Xiaozhe and Smith-Miles, Kate and Hyndman, Rob J},
  journal={Neurocomputing},
  volume={72},
  number={10},
  pages={2581--2594},
  year={2009},
  publisher={Elsevier}
}
@article{shah1997model,
  title={Model selection in univariate time series forecasting using discriminant analysis},
  author={Shah, Chandra},
  journal={International Journal of Forecasting},
  volume={13},
  number={4},
  pages={489--500},
  year={1997},
  publisher={Elsevier}
}
@article{makridakis1982accuracy,
  title={The accuracy of extrapolation (time series) methods: results of a forecasting competition},
  author={Makridakis, Spyros and Andersen, A and Carbone, Robert and Fildes, Robert and Hibon, Michele and Lewandowski, Rudolf and Newton, Joseph and Parzen, Emanuel and Winkler, Robert},
  journal={Journal of Forecasting},
  volume={1},
  number={2},
  pages={111--153},
  year={1982},
  publisher={Wiley Online Library}
}

@unpublished{widodomodel,
  title={Model selection using dimensionality reduction of time series characteristics},
  author={Widodo, Agus and Budi, Indra},
  year = 2013,
  note = {Paper presented at the International Symposium on Forecasting, Seoul, South Korea. June 2013},
  url = {https://goo.gl/ig2J57}
}
@article{lemke2010meta,
  title={Meta-learning for time series forecasting and forecast combination},
  author={Lemke, Christiane and Gabrys, Bogdan},
  journal={Neurocomputing},
  volume={73},
  number={10},
  pages={2006--2016},
  year={2010},
  publisher={Elsevier}
}
@article{prudencio2004meta,
  title={Meta-learning approaches to selecting time series models},
  author={Prud{\^e}ncio, Ricardo BC and Ludermir, Teresa B},
  journal={Neurocomputing},
  volume={61},
  pages={121--137},
  year={2004},
  publisher={Elsevier}
}
@article{hyndman2002time,
  title={Time Series Data Library},
  author={Hyndman, Rob J},
  journal={available from http://www-personal.buseco.monash.edy.au/~hyndman/TSDL/}
}
@article{kalousis1999noemon,
  title={{NOEMON}: Design, implementation and performance results of an intelligent assistant for classifier selection},
  author={Kalousis, Alexandros and Theoharis, Theoharis},
  journal={Intelligent Data Analysis},
  volume={3},
  number={5},
  pages={319--337},
  year={1999},
}
@inproceedings{kuck2016meta,
  title={Meta-learning with neural networks and landmarking for forecasting model selection an empirical evaluation of different feature sets applied to industry data},
  author={K{\"u}ck, Mirko and Crone, Sven F and Freitag, Michael},
  booktitle={Neural Networks (IJCNN), 2016 International Joint Conference on},
  pages={1499--1506},
  year={2016},
  organization={IEEE}
}
@book{hilborn2000chaos,
  title={Chaos and nonlinear dynamics: an introduction for scientists and engineers},
  author={Hilborn, Robert C},
  year={2000},
  publisher={Oxford University Press on Demand}
}
@article{nuttall1982spectral,
  title={Spectral estimation using combined time and lag weighting},
  author={Nuttall, Albert H and Carter, G Clifford},
  journal={Proceedings of the IEEE},
  volume={70},
  number={9},
  pages={1115--1125},
  year={1982},
  publisher={IEEE}
}
@Manual{Foreca,
  title = {ForeCA: An R package for forecastable component analysis},
  author = {Goerg, G M },
  year = {2016},
  note = {R package version 0.2.4},
  url = {https://CRAN.R-project.org/package=ForeCA},
}
@inproceedings{goerg2013forecastable,
  title={Forecastable component analysis},
  author={Goerg, Georg},
  booktitle={Proceedings of the 30th International Conference on Machine Learning (ICML-13)},
  pages={64--72},
  year={2013}
}
@Manual{forecast,
    title = {{forecast}: Forecasting functions for time series and
      linear models},
    author = {Rob Hyndman and Christoph Bergmeir and Gabriel Caceres and Mitchell O'Hara-Wild and Slava Razbash and Earo Wang},
    year = {2018},
    note = {R package version 8.3},
    url = {http://pkg.robjhyndman.com/forecast},
  }
  @article{hyndman2006another,
  title={Another look at measures of forecast accuracy},
  author={Hyndman, Rob J and Koehler, Anne B},
  journal={International Journal of Forecasting},
  volume={22},
  number={4},
  pages={679--688},
  year={2006},
}
@article{kalousis2002algorithm,
  title={Algorithm selection via meta-learning},
  author={Kalousis, Alexandros},
  journal={University of Geneva, Genebra},
  year={2002}
}
@book{hyndman2014forecasting,
  title={Forecasting: principles and practice},
  author={Hyndman, Rob J and Athanasopoulos, George},
  year={2018},
  publisher={OTexts},
  address={Melbourne, Australia},
  url = {http://OTexts.org/fpp2/}
}
@book{box2015time,
  title={Time series analysis: forecasting and control},
  author={Box, George E P and Jenkins, Gwilym M and Reinsel, Gregory C and Ljung, Greta M},
  year={2015},
  edition = {5th ed.},
  publisher={John Wiley \& Sons},
  address = {Hoboken, NJ}
}
@article{haslett1989space,
  title={Space-time modelling with long-memory dependence: Assessing Ireland's wind power resource},
  author={Haslett, John and Raftery, Adrian E},
  journal={Applied Statistics},
  volume = 38,
  number = 1,
  pages={1--50},
  year={1989},
}
@Manual{fracdiff,
    title = {{fracdiff}: Fractionally differenced ARIMA aka ARFIMA(p,d,q) models},
    author = {Fraley, Chris},
    year = {2012},
    note = {R package version 1.4-2},
    url = {https://CRAN.R-project.org/package=fracdiff},
  }
@article{rice1976,
  title={The algorithm selection problem},
  author={Rice, J R},
  journal={Advances in Computers},
  volume={15},
  pages={65-118},
  year={1976},
}
@article{tukey1988computer,
  title={Computer graphics and exploratory data analysis: An introduction},
  author={Tukey, John W  and Tukey, Paul A},
  journal={In Proceedings of the Sixth Annual Conference and Exposition (1985), National Computer Graphics Association, pp 773-785},
  year={1985},
}
@article{vanschoren2010understanding,
  title={Understanding machine learning performance with experiment databases},
  author={Vanschoren, Joaquin},
  journal={PhD dissertation, Katholieke Universiteit Leuven},
  year={2010}
}
@techreport{chen2004using,
  title={Using random forest to learn imbalanced data},
  author={Chen, Chao and Liaw, Andy and Breiman, Leo},
  institution={University of California, Berkeley},
  year={2004},
  url = {http://statistics.berkeley.edu/sites/default/files/tech-reports/666.pdf}
}
@article{breiman2001random,
  title={Random forests},
  author={Breiman, Leo},
  journal={Machine Learning},
  volume={45},
  number={1},
  pages={5--32},
  year={2001}
}
@Article{liaw2002randomforest,
    title = {Classification and regression by randomForest},
    author = {Andy Liaw and Matthew Wiener},
    journal = {R News},
    year = {2002},
    volume = {2},
    number = {3},
    pages = {18-22},
    url = {http://CRAN.R-project.org/doc/Rnews/},
  }
@inproceedings{hyndman2015large,
  title={Large-scale unusual time series detection},
  author={Hyndman, Rob J and Wang, Earo and Laptev, Nikolay},
  booktitle={Data Mining Workshop (ICDMW), 2015 IEEE International Conference on},
  pages={1616--1619},
  year={2015},
  organization={IEEE}
}
@article{makridakis1982accuracy,
  title={The accuracy of extrapolation (time series) methods: Results of a forecasting competition},
  author={Makridakis, Spyros and Andersen, A and Carbone, Robert and Fildes, Robert and Hibon, Michele and Lewandowski, Rudolf and Newton, Joseph and Parzen, Emanuel and Winkler, Robert},
  journal={Journal of forecasting},
  volume={1},
  number={2},
  pages={111--153},
  year={1982},
  publisher={Wiley Online Library}
}
@article{cleveland1990stl,
  title={STL: A seasonal-trend decomposition procedure based on loess},
  author={Cleveland, Robert B and Cleveland, William S and Terpenning, Irma},
  journal={Journal of Official Statistics},
  volume={6},
  number={1},
  pages={3},
  year={1990},
  publisher={Statistics Sweden (SCB)}
}

@article{liaw2002randomforest,
  title={Classification and Regression by randomForest},
  author={Liaw, Andy and Wiener, Matthew},
  journal={R News},
  volume={2},
  number={3},
  pages={18--22},
  year={2002}
}
@manual{breiman2004random,
  title={Random Forests},
  author={Breiman, Leo and Cutler, Adele},
  url={http://www.stat.berkeley.edu/users/breiman},
  year={2004},
  note = {Version 5.1}
}
@manual{pfaff2016package,
  title={urca: Unit root and cointegration tests for time series data},
  author={Pfaff, Bernhard and Zivot, Eric and Stigler, Matthieu},
  year={2016},
  url = {https://CRAN.R-project.org/package=urca},
  note = {R package version 1.3-0}
}
@manual{hyndmanmcomp,
    title = {Mcomp: Data from the M-Competitions},
 author={Hyndman, Rob J},
    year = {2013},
    note = {R package version 2.05},
    url = {https://CRAN.R-project.org/package=Mcomp},
  }

@Manual{Rcore,
    title = {R: A Language and Environment for Statistical Computing},
    author = {{R Core Team}},
    organization = {R Foundation for Statistical Computing},
    address = {Vienna, Austria},
    year = {2017},
    url = {https://www.R-project.org/},
  }

@techreport{supsmu,
  author = {Friedman, J. H.},
  year= 1984,
  title={A variable span scatterplot smoother},
  institution={Laboratory for Computational Statistics, Stanford University},
  type={Technical Report},
  number=5,
}


@article{nonlintest,
  author = {Timo Ter\"{a}svirta and Chien-Fu Lin and Clive W. J. Granger},
  year= 1993,
  title = {Power of the neural network linearity test},
  journal = {Journal of Time Series Analysis},
  volume=14, 
  issue = 2,
  pages={209-220}
}

@book{expsmooth08,
  author = {Hyndman, Rob J and Koehler, Anne B and J Keith Ord and Snyder, Ralph D},
  title = {Forecasting with exponential smoothing: the state space approach},
  year = 2008,
  publisher = {Springer},
  address = {Berlin}
 }

@article{weron2014electricity,
  title={Electricity price forecasting: A review of the state-of-the-art with a look into the future},
  author={Weron, Rafa},
  journal={International Journal of Forecasting},
  volume={30},
  number={4},
  pages={1030--1081},
  year={2014}
}
@article{tang1991time,
  title={Time series forecasting using neural networks vs. Box-Jenkins methodology},
  author={Tang, Zaiyong and de Almeida, Chrys and Fishwick, Paul A},
  journal={Simulation},
  volume={57},
  number={5},
  pages={303--310},
  year={1991}
}
@article{li2013efficient,
  title={Efficient Bayesian multivariate surface regression},
  author={Li, Feng and Villani, Mattias},
  journal={Scandinavian Journal of Statistics},
  volume={40},
  number={4},
  pages={706--723},
  year={2013}
}
@article{gardner1985exponential,
  title={Exponential Smoothing: The state of the art},
  author={Gardner, Everette S},
  journal={Journal of Forecasting},
  volume={4},
  number={1},
  pages={1--28},
  year={1985}
}
@BOOK{Brown59,
  author =       {R. G. Brown},
  title =        {Statistical forecasting for inventory control},
  publisher =    {McGraw/Hill},
  edition =      {},
  year =         {1959}
}

@BOOK{Brown63,
  author =       {R. G. Brown},
  title =        {Smoothing, forecasting and prediction of discrete time series},
  publisher =    {Englewood Cliffs: Prentice Hall},
  edition =      {},
  year =         {1962}
}
@article{guyon2003introduction,
  title={An introduction to variable and feature selection},
  author={Guyon, Isabelle and Elisseeff, Andr{\'e}},
  journal={Journal of Machine Learning Research},
  volume={3},
  pages={1157--1182},
  year={2003}
}
@article{meade2000evidence,
  title={Evidence for the selection of forecasting methods},
  author={Meade, Nigel},
  journal={Journal of Forecasting},
  volume={19},
  number={6},
  pages={515--535},
  year={2000}
}
@article{petropoulos2014horses,
  title={â€˜Horses for coursesâ€™ in demand forecasting},
  author={Petropoulos, Fotios and Makridakis, Spyros and Assimakopoulos, Vassilios and Nikolopoulos, Konstantinos},
  journal={European Journal of Operational Research},
  volume={237},
  number={1},
  pages={152--163},
  year={2014},
}
@article{georgoff1986manager,
  title={Manager's guide to forecasting},
  author={Georgoff, David M and Murdick, Robert G},
  journal={Harvard Business Review},
  year={1986}
}
@techreport{kang2018efficient,
  title={Efficient generation of time series with diverse and controllable characteristics},
  author={Kang, Yanfei and Hyndman, Rob J and Li, Feng},
  year={2018},
  institution={Monash University, Department of Econometrics and Business Statistics}
}

@article{li2013efficient,
  title={Efficient Bayesian multivariate surface regression},
  author={Li, Feng and Villani, Mattias},
  journal={Scandinavian Journal of Statistics},
  volume={40},
  number={4},
  pages={706--723},
  year={2013},
  publisher={Wiley Online Library}
}
@Manual{forecast,
    title = {{forecast}: Forecasting functions for time series and linear models} ,author = {Rob Hyndman and George Athanasopoulos and Christoph Bergmeir and Gabriel Caceres and Leanne Chhay and Mitchell O'Hara-Wild and Fotios Petropoulos and Slava Razbash and Earo Wang and Farah Yasmeen},
year = {2018},
note = {R package version 8.3},
url = {http://pkg.robjhyndman.com/forecast},
}
@misc{tashman1991automatic,
  title={Automatic forecasting software: A survey and evaluation},
  author={Tashman, Leonard J and Leach, Michael L},
  journal={International Journal of Forecasting},
  volume={7},
  number={2},
  pages={209--230},
  year={2013},
  year={1991},
  publisher={Elsevier}
}
@article{collopy1992rule,
  title={Rule-based forecasting: development and validation of an expert systems approach to combining time series extrapolations},
  author={Collopy, Fred and Armstrong, J Scott },
  journal={Management Science},
  volume={38},
  number={10},
  pages={1394--1414},
  year={1992},
}
@article{adya2001automatic,
  title={Automatic identification of time series features for rule-based forecasting},
  author={Adya, Monica and Collopy, Fred and Armstrong, J Scott and Kennedy, Miles},
  journal={International Journal of Forecasting},
  volume={17},
  number={2},
  pages={143--157},
  year={2001},
}
@article{wang2009rule,
  title={Rule induction for forecasting method selection: meta-learning the characteristics of univariate time series},
  author={Wang, Xiaozhe and Smith-Miles, Kate and Hyndman, Rob J},
  journal={Neurocomputing},
  volume={72},
  number={10},
  pages={2581--2594},
  year={2009},
}
@article{shah1997model,
  title={Model selection in univariate time series forecasting using discriminant analysis},
  author={Shah, Chandra},
  journal={International Journal of Forecasting},
  volume={13},
  number={4},
  pages={489--500},
  year={1997},
  publisher={Elsevier}
}
@techreport{fforms,
  title={Meta-learning how to forecast time series},
  author={Talagala, Thiyanga S and Hyndman, Rob J and Athanasopoulos, George},
  type = {Working Paper},
  number = {6/18},
  institution = {Department of Econometrics \& Business Statistics, Monash University},
  year = {2018},
}
@article{rice1976,
  title={The algorithm selection problem},
  author={Rice, J R},
  journal={Advances in Computers},
  volume={15},
  pages={65-118},
  year={1976},
}
@inproceedings{prudencio2004using,
  title={Using machine learning techniques to combine forecasting methods},
  author={Prud{\^e}ncio, Ricardo and Ludermir, Teresa},
  booktitle={Australasian Joint Conference on Artificial Intelligence},
  pages={1122--1127},
  year={2004},
  organization={Springer}
}
@article{meade2000evidence,
  title={Evidence for the selection of forecasting methods},
  author={Meade, Nigel},
  journal={Journal of forecasting},
  volume={19},
  number={6},
  pages={515--535},
  year={2000},
  publisher={Wiley Online Library}
}
@article{fforma,
  title={FFORMA: Feature-based forecast model averaging},
  author={Montero-Manso, Pablo and Hyndman, Rob J and Athanasopoulos, George and Talagala, Thiyanga S},
  journal={International Journal of Forecasting},
  pages={[to appear]},
  year = {2019}
}
@article{makridakis1982accuracy,
  title={The accuracy of extrapolation (time series) methods: Results of a forecasting competition},
  author={Makridakis, Spyros and Andersen, A and Carbone, Robert and Fildes, Robert and Hibon, Michele and Lewandowski, Rudolf and Newton, Joseph and Parzen, Emanuel and Winkler, Robert},
  journal={Journal of forecasting},
  volume={1},
  number={2},
  pages={111--153},
  year={1982}
}
@article{chatfield1988best,
  title={What is the â€˜bestâ€™method of forecasting?},
  author={Chatfield, C},
  journal={Journal of Applied Statistics},
  volume={15},
  number={1},
  pages={19--38},
  year={1988}
}
@article{hyndman2001s,
  title={Itâ€™s time to move from what to why},
  author={Hyndman, Rob J},
  journal={International Journal of Forecasting},
  volume={17},
  number={1},
  pages={567--570},
  year={2001}
}
@article{munoz2018instance,
  title={Instance spaces for machine learning classification},
  author={Mu{\~n}oz, Mario A and Villanova, Laura and Baatar, Davaatseren and Smith-Miles, Kate},
  journal={Machine Learning},
  volume={107},
  number={1},
  pages={109--147},
  year={2018},
  publisher={Springer}
}
@article{fildes1989evaluation,
  title={Evaluation of aggregate and individual forecast method selection rules},
  author={Fildes, Robert},
  journal={Management Science},
  volume={35},
  number={9},
  pages={1056--1065},
  year={1989},
  publisher={INFORMS}
}
@article{seaman2018considerations,
  title={Considerations of a retail forecasting practitioner},
  author={Seaman, Brian},
  journal={International Journal of Forecasting},
  volume={34},
  number={4},
  pages={822--829},
  year={2018},
  publisher={Elsevier}
}

@article{makridakis2019m4,
  title={The M4 Competition: 100,000 time series and 61 forecasting methods},
  author={Makridakis, Spyros and Spiliotis, Evangelos and Assimakopoulos, Vassilios},
  journal={International Journal of Forecasting},
  year={2019},
  publisher={Elsevier}
}

@article{taylor2018forecasting,
  title={Forecasting at scale},
  author={Taylor, Sean J and Letham, Benjamin},
  journal={The American Statistician},
  volume={72},
  number={1},
  pages={37--45},
  year={2018},
  publisher={Taylor \& Francis}
}
@article{petropoulos2014horses,
  title={â€˜Horses for Coursesâ€™ in demand forecasting},
  author={Petropoulos, Fotios and Makridakis, Spyros and Assimakopoulos, Vassilios and Nikolopoulos, Konstantinos},
  journal={European Journal of Operational Research},
  volume={237},
  number={1},
  pages={152--163},
  year={2014},
  publisher={Elsevier}
}
@article{wolpert1997no,
  title={No free lunch theorems for optimization},
  author={Wolpert, David H and Macready, William G},
  journal={IEEE Transactions on Evolutionary Computation},
  volume={1},
  number={1},
  pages={67--82},
  year={1997}
}
@article{hyndman2019brief,
  title={A brief history of forecasting competitions},
  author={Hyndman, Rob J},
  journal={International Journal of Forecasting},
  year={2019},
  publisher={Elsevier}
}
@article{tashman2001m3,
  title={The M3-Competition and forecasting software},
  author={Tashman, L},
  journal={International Journal of Forecasting},
  volume={17},
  number={4},
  pages={578--580},
  year={2001}
}
@article{makridakis2001response,
  title={Response to the commentaries on'The M3-Competition: results, conclusions and implications'},
  author={Makridakis, S and Hibon, M},
  journal={International Journal of Forecasting},
  volume={17},
  number={4},
  pages={581--584},
  year={2001}
}
@article{smith2009cross,
  title={Cross-disciplinary perspectives on meta-learning for algorithm selection},
  author={Smith-Miles, Kate A},
  journal={ACM Computing Surveys},
  volume={41},
  number={6},
  pages={1-25},
  year={2008}
}
@article{smith2012measuring,
  title={Measuring instance difficulty for combinatorial optimization problems},
  author={Smith-Miles, Kate and Lopes, Leo},
  journal={Computers \& Operations Research},
  volume={39},
  number={5},
  pages={875--889},
  year={2012},
  publisher={Elsevier}
}
@article{kotthoff2016algorithm,
  title={Algorithm selection for combinatorial search problems: A survey},
  author={Kotthoff, Lars},
  journal={AI Magazine},
  volume={35},
  number={3},
  pages={48-60},
  year={2014}
}
@article{makridakis2000m3,
  title={The M3-Competition: results, conclusions and implications},
  author={Makridakis, Spyros and Hibon, Michele},
  journal={International Journal of Forecasting},
  volume={16},
  number={4},
  pages={451--476},
  year={2000}
}
@article{makridakis2018m4,
  title={The M4 Competition: Results, findings, conclusion and way forward},
  author={Makridakis, Spyros and Spiliotis, Evangelos and Assimakopoulos, Vassilios},
  journal={International Journal of Forecasting},
  volume={34},
  number={4},
  pages={802--808},
  year={2018}
}
@article{tukey1988computer,
  title={Computer graphics and exploratory data analysis: An introduction},
  author={Tukey, John W and Tukey, Paul A},
  journal={The Collected Works of John W. Tukey: Graphics: 1965-1985},
  volume={5},
  pages={419},
  year={1988},
  publisher={Wadsworth Publishing Company}
}
@article{fulcher2014highly,
  title={Highly comparative feature-based time-series classification},
  author={Fulcher, Ben D and Jones, Nick S},
  journal={IEEE Transactions on Knowledge and Data Engineering},
  volume={26},
  number={12},
  pages={3026--3037},
  year={2014}
}
@article{f,
  title={A state space framework for automatic forecasting using exponential smoothing methods},
  author={Hyndman, Rob J and Koehler, Anne B and Snyder, Ralph D and Grose, Simone},
  journal={International Journal of Forecasting},
  volume={18},
  number={3},
  pages={439--454},
  year={2002},
  publisher={Elsevier}
}
@article{de2011forecasting,
  title={Forecasting time series with complex seasonal patterns using exponential smoothing},
  author={De Livera, Alysha M and Hyndman, Rob J and Snyder, Ralph D},
  journal={Journal of the American Statistical Association},
  volume={106},
  number={496},
  pages={1513--1527},
  year={2011}
}
@article{hyndman2006another,
  title={Another look at measures of forecast accuracy},
  author={Hyndman, Rob J and Koehler, Anne B},
  journal={International journal of Forecasting},
  volume={22},
  number={4},
  pages={679--688},
  year={2006},
}
@misc{M4compguide,
  title = {M4 Competitor's Guide},
  howpublished = {\url{https://www.m4.unic.ac.cy/wp-content/uploads/2018/03/M4-Competitors-Guide.pdf}},
  note = {Accessed: 26 September 2018},
  year = 2018,
}
@article{gneiting2007strictly,
  title={Strictly proper scoring rules, prediction, and estimation},
  author={Gneiting, Tilmann and Raftery, Adrian E},
  journal={Journal of the American Statistical Association},
  volume={102},
  number={477},
  pages={359--378},
  year={2007},
  publisher={Taylor \& Francis}
}
@article{friedman2001greedy,
  title={Greedy function approximation: a gradient boosting machine},
  author={Friedman, Jerome H},
  journal={Annals of Statistics},
  pages={1189--1232},
  year={2001},
  publisher={JSTOR}
}
@inproceedings{chen2016xgboost,
  title={XGBoost: A scalable tree boosting system},
  author={Chen, Tianqi and Guestrin, Carlos},
  booktitle={Proceedings of the 22nd ACM SIGKDD International Conference on Knowledge Discovery and Data Mining (pp. 785-794)},
  pages={},
  year={2016},
  organization={ACM}
}
@article{li2013efficient,
  title={Efficient Bayesian multivariate surface regression},
  author={Li, Feng and Villani, Mattias},
  journal={Scandinavian Journal of Statistics},
  volume={40},
  number={4},
  pages={706--723},
  year={2013},
  publisher={Wiley Online Library}
}
@ARTICLE{Bates1969-cu,
   title     = "The combination of forecasts",
   author    = "Bates, J M and Granger, C W J",
   journal   = "Journal of the Operational Research Society",
   publisher = "Operational Research Society",
   volume    =  20,
   number    =  4,
   pages     = "451--468",
   year      =  1969
 }
@inproceedings{Timmermann06,
   title     = {Forecast combinations},
   booktitle = {Handbook of economic forecasting (pp. 135-196)},
   author    = {Timmermann, Allan},
   organization = {Amsterdam: North-Holland},
   year      =  {2006}
 }
 
@article{Cle1989,
author = {Clemen, R},
journal = {International Journal of Forecasting},
pages = {559--608},
title = {Combining forecasts: a review and annotated bibliography with discussion},
volume = {5},
year = {1989}
}
@book{friedman2001elements,
  title={The elements of statistical learning},
  author={Friedman, Jerome and Hastie, Trevor and Tibshirani, Robert},
  year={2009},
  edition = {2nd ed},
  publisher={Springer},
  address={New York, USA}
}
@article{diaz2006gene,
  title={Gene selection and classification of microarray data using random forest},
  author={DÃ­az-Uriarte RamÃ³n and De Andres, Sara Alvarez},
  journal={BMC Bioinformatics},
  volume={7},
  number={1},
  pages={3},
  year={2006},
  publisher={BioMed Central}
}
@article{kang2019gratis,
  title={GRATIS: GeneRAting TIme Series with diverse and controllable characteristics},
  author={Kang, Yanfei and Hyndman, Rob J and Li, Feng},
  journal={arXiv preprint arXiv:1903.02787},
  year={2019}
}
@article{wickham2015visualizing,
  title={Visualizing statistical models: Removing the blindfold},
  author={Wickham, Hadley and Cook, Dianne and Hofmann, Heike},
  journal={Statistical Analysis and Data Mining: The ASA Data Science Journal},
  volume={8},
  number={4},
  pages={203--225},
  year={2015}
}
@article{smith2015generating,
  title={Generating new test instances by evolving in instance space},
  author={Smith-Miles, Kate and Bowly, Simon},
  journal={Computers \& Operations Research},
  volume={63},
  pages={102--113},
  year={2015}
}
@article{peng2015reproducibility,
  title={The reproducibility crisis in science: A statistical counterattack},
  author={Peng, Roger},
  journal={Significance},
  volume={12},
  number={3},
  pages={30--32},
  year={2015},
  publisher={Wiley Online Library}
}
@Manual{microbenchmark,
    title = {microbenchmark: Accurate Timing Functions},
    author = {Olaf Mersmann},
    year = {2019},
    note = {R package version 1.4-7},
    url = {https://CRAN.R-project.org/package=microbenchmark},
  }
  @article{guyon2003introduction,
  title={An introduction to variable and feature selection},
  author={Guyon, Isabelle and Elisseeff, Andr{\'e}},
  journal={Journal of Machine Learning Research},
  volume={3},
  pages={1157--1182},
  year={2003}
}

  @article{lichtendahl2013better,
  title={Is it better to average probabilities or quantiles?},
  author={Lichtendahl Jr, Kenneth C and Grushka-Cockayne, Yael and Winkler, Robert L},
  journal={Management Science},
  volume={59},
  number={7},
  pages={1594--1611},
  year={2013},
  publisher={INFORMS}
}
@article{smyl2019hybrid,
  title={A hybrid method of exponential smoothing and recurrent neural networks for time series forecasting},
  author={Smyl, Slawek},
  journal={International Journal of Forecasting},
  year={2019},
  publisher={Elsevier}
}
@article{makridakis2019m4,
  title={The M4 Competition: 100,000 time series and 61 forecasting methods},
  author={Makridakis, Spyros and Spiliotis, Evangelos and Assimakopoulos, Vassilios},
  journal={International Journal of Forecasting},
  year={2019},
  publisher={Elsevier}
}